@Article{Cantor1895,
  author = 	 {Cantor, Georg},
  title = 	 {Beitr\"age zur {B}egr\"undung der transfiniten {M}engenlehre},
  journal = 	 {Math. Ann.},
  year = 	 {1895},
  OPTkey = 	 {},
  volume = 	 {46},
  number = 	 {},
  pages = 	 {481-512},
  OPTmonth = 	 {},
  OPTnote = 	 {},
  OPTannote = 	 {}
}


@article{DBLP:journals/corr/abs-1809-00954,
  author    = {Laurent Lyaudet},
  title     = {A class of orders with linear? time sorting algorithm},
  journal   = {CoRR},
  volume    = {abs/1809.00954},
  year      = {2018},
  url       = {http://arxiv.org/abs/1809.00954},
  archivePrefix = {arXiv},
  eprint    = {1809.00954},
  timestamp = {Fri, 05 Oct 2018 11:34:52 +0200},
  biburl    = {https://dblp.org/rec/bib/journals/corr/abs-1809-00954},
  bibsource = {dblp computer science bibliography, https://dblp.org}
}

